% This file was created with JabRef 2.10b2.
% Encoding: UTF-8


@Article{afrasiabi2013phylofacts,
  Title                    = {The PhyloFacts FAT-CAT web server: ortholog identification and function prediction using fast approximate tree classification},
  Author                   = {Afrasiabi, Cyrus and Samad, Bushra and Dineen, David and Meacham, Christopher and Sj{\"o}lander, Kimmen},
  Journal                  = {Nucleic acids research},
  Year                     = {2013},
  Number                   = {W1},
  Pages                    = {W242--W248},
  Volume                   = {41},

  Owner                    = {uli},
  Publisher                = {Oxford Univ Press},
  Timestamp                = {2014.03.03}
}

@Article{arnold2005simap,
  Title                    = {SIMAPâ€”the similarity matrix of proteins},
  Author                   = {Arnold, Roland and Rattei, Thomas and Tischler, Patrick and Truong, Minh-Duc and St{\"u}mpflen, Volker and Mewes, Werner},
  Journal                  = {Bioinformatics},
  Year                     = {2005},
  Number                   = {suppl 2},
  Pages                    = {ii42--ii46},
  Volume                   = {21},

  Owner                    = {uli},
  Publisher                = {Oxford Univ Press},
  Timestamp                = {2014.03.03}
}

@Article{brown2006functional,
  Title                    = {Functional classification using phylogenomic inference},
  Author                   = {Brown, Duncan and Sj{\"o}lander, Kimmen},
  Journal                  = {PLoS computational biology},
  Year                     = {2006},
  Number                   = {6},
  Pages                    = {e77},
  Volume                   = {2},

  Owner                    = {uli},
  Publisher                = {Public Library of Science},
  Timestamp                = {2014.03.02}
}

@Article{eisen2003phylogenomics,
  Title                    = {Phylogenomics: intersection of evolution and genomics},
  Author                   = {Eisen, Jonathan A and Fraser, Claire M},
  Journal                  = {Science},
  Year                     = {2003},
  Number                   = {5626},
  Pages                    = {1706--1707},
  Volume                   = {300},

  Owner                    = {uli},
  Publisher                = {American Association for the Advancement of Science},
  Timestamp                = {2014.03.02}
}

@InProceedings{engelhardt2006graphical,
  Title                    = {A graphical model for predicting protein molecular function},
  Author                   = {Engelhardt, Barbara E and Jordan, Michael I and Brenner, Steven E},
  Booktitle                = {Proceedings of the 23rd international conference on Machine learning},
  Year                     = {2006},
  Organization             = {ACM},
  Pages                    = {297--304},

  Owner                    = {uli},
  Timestamp                = {2014.03.02}
}

@Article{engelhardt2005protein,
  Title                    = {Protein molecular function prediction by Bayesian phylogenomics},
  Author                   = {Engelhardt, Barbara E and Jordan, Michael I and Muratore, Kathryn E and Brenner, Steven E},
  Journal                  = {PLoS computational biology},
  Year                     = {2005},
  Number                   = {5},
  Pages                    = {e45},
  Volume                   = {1},

  Owner                    = {uli},
  Publisher                = {Public Library of Science},
  Timestamp                = {2014.03.02}
}

@Article{felsenstein1978cases,
  Title                    = {Cases in which parsimony or compatibility methods will be positively misleading},
  Author                   = {Felsenstein, Joseph},
  Journal                  = {Systematic Biology},
  Year                     = {1978},
  Number                   = {4},
  Pages                    = {401--410},
  Volume                   = {27},

  Owner                    = {uli},
  Publisher                = {Oxford University Press},
  Timestamp                = {2014.03.03}
}

@InCollection{groves2007recent,
  Title                    = {Recent Advances in Automation of X-Ray Crystallographic Beamlines at the Embl Hamburg Outstation},
  Author                   = {Groves, Matthew R},
  Booktitle                = {Brilliant Light in Life and Material Sciences},
  Publisher                = {Springer},
  Year                     = {2007},
  Pages                    = {133--139},

  Owner                    = {uli},
  Timestamp                = {2014.03.03}
}

@Article{krishnamurthy2006phylofacts,
  Title                    = {PhyloFacts: an online structural phylogenomic encyclopedia for protein functional and structural classification},
  Author                   = {Krishnamurthy, Nandini and Brown, Duncan P and Kirshner, Dan and Sj{\"o}lander, Kimmen},
  Journal                  = {Genome biology},
  Year                     = {2006},
  Number                   = {9},
  Pages                    = {R83},
  Volume                   = {7},

  Owner                    = {uli},
  Publisher                = {BioMed Central Ltd},
  Timestamp                = {2014.03.02}
}

@Article{sjolander2004phylogenomic,
  Title                    = {Phylogenomic inference of protein molecular function: advances and challenges},
  Author                   = {Sj{\"o}lander, Kimmen},
  Journal                  = {Bioinformatics},
  Year                     = {2004},
  Number                   = {2},
  Pages                    = {170--179},
  Volume                   = {20},

  Owner                    = {uli},
  Publisher                = {Oxford Univ Press},
  Timestamp                = {2014.03.02}
}

@Article{szklarczyk2011string,
  Title                    = {The STRING database in 2011: functional interaction networks of proteins, globally integrated and scored},
  Author                   = {Szklarczyk, Damian and Franceschini, Andrea and Kuhn, Michael and Simonovic, Milan and Roth, Alexander and Minguez, Pablo and Doerks, Tobias and Stark, Manuel and Muller, Jean and Bork, Peer and others},
  Journal                  = {Nucleic acids research},
  Year                     = {2011},
  Number                   = {suppl 1},
  Pages                    = {D561--D568},
  Volume                   = {39},

  Owner                    = {uli},
  Publisher                = {Oxford Univ Press},
  Timestamp                = {2014.03.03}
}

@Article{wu2002shotgun,
  Title                    = {Shotgun proteomics: tools for the analysis of complex biological systems},
  Author                   = {Wu, Christine C and MacCoss, Michael J and others},
  Journal                  = {Curr Opin Mol Ther},
  Year                     = {2002},
  Number                   = {3},
  Pages                    = {242--250},
  Volume                   = {4},

  Owner                    = {uli},
  Timestamp                = {2014.03.03}
}

